@inproceedings{M2s1A9T1R76bao5g,
  booktitle = {},
  title = {The Future of Rail},
  publisher = {IEA},
  address = {Paris},
  medium = {online},
  accessed = {2025-01-18},
  URL = {https://www.iea.org/reports/the-future-of-rail},
}

@inproceedings{UZ7ymPeJEhdPijFh,
  booktitle = {},
  title = {ENERGY EFFICIENCY},
  subtitle = {CONTRIBUTION OF URBAN RAIL SYSTEMS},
  publisher = {UITP Europe},
  pages = {2},
  medium = {online},
  accessed = {2025-01-18},
  URL = {https://web.archive.org/web/20160812185814/http://www.uitp.org/sites/default/files/cck-focus-papers-files/Energy\%20Efficiency\%20-\%20Contribution\%20of\%20Urban\%20Rail\%20Systems.pdf},
}

@inproceedings{Gavenda2022,
  author = {Jaroslav Gavenda},
  title = {Česko poslalo Ukrajincům tanky z 80. let, určitě jim pomohou, říká expert},
  publisher = {Seznam Zprávy},
  year = {2022},
  medium = {online},
  accessed = {2025-01-18},
  URL = {https://www.seznamzpravy.cz/clanek/domaci-politika-cesko-poslalo-na-ukrajinu-tanky-z-80-let-chybet-nebudou-rika-analytik-197464},
}


@misc{tbBVVJc0f9An81Y4,
  title = {Passenger Capacity of different Transport Modes},
  medium = {online},
  accessed = {2025-01-18},
  URL = {https://www.transformative-mobility.org/wp-content/uploads/2023/03/Passenger-Capacity-of-different-Transport-Modes_2021-09-08-071924_mmuh-AQ55yh.pdf},
}

% EN 50126
@manual{GaaBVFT5zA4FlnK8,
  title = {Railway Applications - The Specification and Demonstration of  Reliability, Availability, Maintainability and Safety (RAMS) - Part  1: Generic RAMS Process},
  address = {Avenue Marnix 17,  B-1000 Brussels},
  year = {October 2017},
  edition = {ICS 29.280; 45.020 },
}

% EN 50128
@manual{vDBnVxdnHZs4vPl6,
  title = {Railway applications  Gommunication, signalling and processing systems  Software for railway control and protection systems},
  address = {Avenue Mamix 17,8 - 1000 Brussels},
  year = {2011},
  edition = { ICS 35.240.60; 45.020: 93.100},
}

% EN 50129
@manual{SU4ccYhZgv796Fi2,
  title = {Railway applications - Communication, signalling and  processing systems - Safety related electronic systems for  signalling},
  address = {Rue de la Science 23,  B-1040 Brussels},
  year = {November 2018},
  edition = {ICS 93.100},
}




@misc{L9XZRy6g04sicEwo,
  journal = {Wikipedia: the free encyclopedia},
  title = {V-model},
  publisher = {Wikimedia Foundation},
  address = {San Francisco (CA)},
  year = {2001-},
  medium = {online},
  accessed = {2025-01-18},
  URL = {https://en.wikipedia.org/wiki/V-model},
}


@misc{1fwla6zm8H5QiWZn,
  title = {Mastering the V-Model: An In-Depth Guide to the V-Model SDLC},
  medium = {online},
  accessed = {2025-01-18},
  URL = {https://teachingagile.com/sdlc/models/v-model},
}

@misc{ONTbnhbgf2hyhL9J,
  journal = {European Union Agency for Railways},
  title = {Common Safety Method for Risk Evaluation and Assessment},
  medium = {online},
  accessed = {2025-01-18},
  URL = {https://www.era.europa.eu/domains/common-safety-methods/risk-evaluation-assessment-csm_en},
}

@misc{jzspL2tHZXpqqXbb,
  journal = {Texas Instruments Incorporated},
  title = {AM243x general purpose LaunchPad™ development kit for Arm®-based MCU},
  medium = {online},
  accessed = {2025-01-19},
  URL = {https://www.ti.com/tool/LP-AM243},
}

@article{VWV3krjCyPqnycUQ,
  title = {AM243x Sitara™ Microcontrollers},
  publisher = {TI},
  pages = {1-288},
  medium = {online},
  accessed = {2025-01-19},
  URL = {https://www.ti.com/lit/ds/symlink/am2434.pdf?ts=1737315217906\&ref_url=https\%253A\%252F\%252Fwww.ti.com\%252Fproduct\%252FAM2434},
}


@misc{taEUdxVpjtsiCgg9,
  title = {AM243x MCU+ SDK  09.02.00},
  medium = {online},
  accessed = {2025-01-19},
  URL = {https://software-dl.ti.com/processor-industrial-sw/esd/motor_control_sdk/am243x/09_02_00_11/mcu_plus_sdk/docs/api_guide_am243x/DRIVERS_IPC_NOTIFY_PAGE.html},
}

@online{6i2KXzgcdbBD85cySecurity,
  title = {SECURITY | English meaning - Cambridge Dictionary},
  year = {2025},
  medium = {online},
  accessed = {2025-03-05},
  URL = {https://dictionary.cambridge.org/dictionary/english/security},
}

@online{6i2KXzgcdbBD85cySafety,
  title = {SAFETY | English meaning - Cambridge Dictionary},
  year = {2025},
  urldate = {2025-03-05},
  url = {https://dictionary.cambridge.org/dictionary/english/safety},
}

@online{6i2KXzgcdbBD85cyPlausibility,
  title = {PLAUSIBILITY | English meaning - Cambridge Dictionary},
  year = {2025},
  urldate = {2025-03-24},
  url = {https://dictionary.cambridge.org/dictionary/english/plausibility},
}

@misc{KFTfJxp6xrYSLALk,
  journal = {Wikipedia: the free encyclopedia},
  title = {Defenzivní programování},
  publisher = {Wikimedia Foundation},
  address = {San Francisco (CA)},
  year = {2001-},
  medium = {online},
  accessed = {2025-03-24},
  URL = {https://cs.wikipedia.org/wiki/Defenzivn\%C3\%AD_programov\%C3\%A1n\%C3\%AD},
}
@book{Blochc2008,
  author = {Joshua Bloch},
  title = {Effective Java},
  publisher = {Addison-Wesley},
  address = {Upper Saddle River},
  year = {c2008},
  edition = {2nd ed},
  isbn = {978-0-321-35668-0},
}

@INPROCEEDINGS{532621,
  author={Liming Chen and Avizienis, A.},
  booktitle={Twenty-Fifth International Symposium on Fault-Tolerant Computing, 1995, ' Highlights from Twenty-Five Years'.}, 
  title={N-VERSION PROGRAMMINC: A FAULT-TOLERANCE APPROACH TO RELlABlLlTY OF SOFTWARE OPERATlON}, 
  year={1995},
  volume={},
  number={},
  pages={113-},
  keywords={Fault tolerance;Hardware;Software performance;Runtime;Redundancy;Computer science;Testing;Application software;Software systems;Investments},
  doi={10.1109/FTCSH.1995.532621}}

@inbook{inbookNVS,
author = {Avizienis, Algirdas},
year = {1995},
month = {01},
pages = {23-},
title = {The Methodology of N-Version Programming},
volume = {3}
}

@misc{nBWFyWQg5kF6u8OP,
  journal = {Geeks for Geeks},
  title = {Difference between N-version programming and Recovery blocks Techniques},
  medium = {online},
  accessed = {2025-03-24},
  URL = {https://www.geeksforgeeks.org/difference-between-n-version-programming-and-recovery-blocks-techniques/},
}

@book{stallings2014,
  author   = {Stallings, William},
  title    = {{Operating Systems Internals and Design Principles}},
  pages    = {},
  publisher = {Pearson Deutschland},
  year     = {2014},
  isbn     = {9781292061351},
  doi      = {},
  url      = {https://elibrary.pearson.de/book/99.150005/9781292061948}
}

@misc{jNF0rhyXUI1gPjtr,
  journal = {Geeksforgeeks},
  title = {Graceful Degradation in Distributed Systems},
  medium = {online},
  accessed = {2025-03-29},
  URL = {https://www.geeksforgeeks.org/graceful-degradation-in-distributed-systems/},
}

@article{j9q6czqZVYZTTIDS,
  author = {C. Michael Holloway},
  journal = {To appear in the Proceedings of the 16th Digital Avionics Systems Conference},
  title = {WHY ENGINEERS SHOULD CONSIDER FORMAL METHODS},
  volume = {October 1997},
  medium = {online},
  accessed = {2025-03-29},
  URL = {https://web.archive.org/web/20061116210448/http://klabs.org/richcontent/verification/holloway/nasa-97-16dasc-cmh.pdf},
}

@Inbook{Bekić1984,
    author="Bekic, H.",
    editor="Jones, C. B.",
    title="The meaning of names in PL/I",
    bookTitle="Programming Languages and Their Definition: H. Bekic (1936--1982)",
    year="1984",
    publisher="Springer Berlin Heidelberg",
    address="Berlin, Heidelberg",
    pages="4--16",
    isbn="978-3-540-38933-0",
    doi="10.1007/BFb0048936",
    url="https://doi.org/10.1007/BFb0048936"
}

@article{ZhcmUNG84nGygVtL,
  author = {Russel Kenley and Toby Harfield},
  journal = {Swinburne University of Technology},
  title = {Location Breakdown Structure (LBS): a solution for  construction project management data redundancy},
  medium = {online},
  accessed = {2025-03-29},
  URL = {https://www.irbnet.de/daten/iconda/CIB_DC27682.pdf},
}

@book{mE8IgWkQmSnQncJX,
  title = {The official handbook of MASCOT},
  publisher = {Joint IECCA and MUF Committee on  Mascot (JIMCOM)},
  address = {Worcestershire},
  year = {JUNE 1987},
  edition = {VERSION 3.1},
  medium = {online},
  accessed = {2025-03-30},
  URL = {http://async.org.uk/Hugo.Simpson/MASCOT-3.1-Manual-June-1987.pdf},
}

@misc{1uF1MOuWQwGw9due,
  title = {Tutorial on JSP \& JSD},
  medium = {online},
  accessed = {2025-03-30},
  URL = {https://web.archive.org/web/20061121182445/http://cisx2.uma.maine.edu/NickTemp/JSP\%26JSDLec/jsd.html},
}


@online{UqU2LgTtDqOn70vf,
  journal = {Wikipedia: the free encyclopedia},
  title = {Daisy chain (electrical engineering)},
  publisher = {Wikimedia Foundation},
  address = {San Francisco (CA)},
  year = {2001-},
  urldate = {2025-04-02},
  url = {https://en.wikipedia.org/wiki/Daisy_chain_(electrical_engineering)},
}

@misc{SPRS717K,
  title = {AM335x Sitara™ Processors Datasheet},
  author = {Texas Instruments},
  year = {2023},
  url = {https://www.ti.com/lit/ds/symlink/am3358.pdf}
}

@misc{DS12505,
  title = {STM32MP157 Datasheet},
  author = {STMicroelectronics},
  year = {2023},
  url = {https://www.st.com/resource/en/datasheet/stm32mp157.pdf}
}

@misc{SPRS880O,
  title = {TMS320F2837xD Dual-Core Delfino™ Microcontrollers Datasheet},
  author = {Texas Instruments},
  year = {2023},
  url = {https://www.ti.com/lit/ds/symlink/tms320f28379d.pdf}
}

@misc{IMXRT1060IEC,
  title = {i.MX RT1060 Crossover Processor Datasheet},
  author = {NXP Semiconductors},
  year = {2022},
  url = {https://www.nxp.com/docs/en/data-sheet/IMXRT1060IEC.pdf}
}

@misc{DS60001527E,
  title = {SAM E70 Series Datasheet},
  author = {Microchip Technology},
  year = {2021},
  url = {https://ww1.microchip.com/downloads/en/DeviceDoc/SAM-E70-Datasheet-DS60001527E.pdf}
}

@misc{ow6UXp80FhDCOefy,
  journal = {Mauser Electronic},
  title = {Texas Instruments AM335x Arm® Cortex™-A8 MPUs},
  year = {2025},
  medium = {online},
  accessed = {2025-04-19},
  URL = {https://eu.mouser.com/new/texas-instruments/ti-am335x/},
}

@misc{gCEW8O4yxLcIgH5I,
  journal = {Texas Instruments},
  title = {LP-AM243 | AM243x general purpose LaunchPad™ development kit for Arm®-based MCU},
  year = {1995-2025},
  medium = {online},
  accessed = {2025-04-23},
  URL = {https://www.ti.com/tool/LP-AM243},
}

@misc{8MtYuqxzmRkwRi75,
  journal = {ARM},
  title = {Technical Reference Manual Cortex -R5},
  year = {2010},
  medium = {online},
  accessed = {2025-04-23},
  URL = {https://documentation-service.arm.com/static/5f04288cdbdee951c1cd8969},
}

@misc{mhMhwmghbfIhOJ4A,
  journal = {Texas Instruments},
  title = {Functional Safety for AM2x and Hercules™  Microcontrollers -  Product Overview},
  year = {2023},
  medium = {online},
  accessed = {2025-04-25},
  URL = {https://www.ti.com/lit/po/sprt767/sprt767.pdf?ts=1745564392534},
}


@inproceedings{lFy5gqN2wnr2H6PZ,
  booktitle = {},
  title = {Global status report on  road safety 2023},
  publisher = {World Health  Organization},
  address = {Geneva},
  year = {2023},
  pages = {4},
  ISBN = {978-92-4-008645-6},
  medium = {online},
  accessed = {2025-04-28},
  URL = {https://iris.who.int/bitstream/handle/10665/374868/9789240086456-eng.pdf},
}

@inproceedings{AdminaiteMarch2016,
  author = {Doviel Adminaite and Graziella Jost and Henk Stipdonk and Heather Ward},
  booktitle = {},
  title = {How safe arew new cars sold in the EU?},
  subtitle = {An analysis of the market penetration of euro ncap-rated cars},
  publisher = {European Transport Safety Council},
  year = {March 2016},
  medium = {online},
  accessed = {2025-04-28},
  URL = {https://etsc.eu/wp-content/uploads/PIN-Flash-30-Final.pdf},
}

@inproceedings{9t3dP2NN3aZotHn9,
  author = {Haralambides, H.  and O. Merk },
  booktitle = {International Transport Forum Discussion Papers},
  title = {The Belt and Road Initiative},
  subtitle = {Impacts on Global Maritime Trade Flows},
  publisher = {OECD Publishing},
  address = {Paris},
  year = {2020},
  edition = {No. 2020/02},
  medium = {online},
  accessed = {2025-04-28},
  URL = {https://doi.org/10.1787/2281f06f-en},
}

@misc{trENjjVLswsvCW6M,
  journal = {IEA},
  title = {Rail},
  year = {2023},
  medium = {online},
  accessed = {2025-04-28},
  URL = {https://www.iea.org/energy-system/transport/rail},
}

@article{LUNARDON2023100047,
title = {How railway stations can transform urban mobility and the public realm: The stakeholders’ perspective},
journal = {Journal of Urban Mobility},
volume = {3},
pages = {100047},
year = {2023},
issn = {2667-0917},
doi = {https://doi.org/10.1016/j.urbmob.2023.100047},
url = {https://www.sciencedirect.com/science/article/pii/S2667091723000031},
author = {Alice Lunardon and Doroteya Vladimirova and Benedikt Boucsein},
keywords = {Urban mobility, Transport, Railway station, Sustainable cities, Sustainable transport}
}

@article{yOH4aOSP0y9CyD3N,
  title = {The Middle Trade and Transport Corridor: Policies and Investments to Triple Freight Volumes and Halve Travel Time by 2030},
  publisher = {World Bank},
  address = {Washington, DC},
  year = {2023},
  medium = {online},
  accessed = {2025-04-28},
  URL = {https://www.worldbank.org/en/region/eca/publication/middle-trade-and-transport-corridor},
}

@misc{lWTEHHuBfppEZeJk,
  journal = {CSA Engineering AG},
  title = {New standard EN 50716:2023 «Requirements for software development» Part 1},
  medium = {online},
  accessed = {2025-04-28},
  URL = {https://www.csa.ch/en/blog/new-standard-en-507162023-requirements-for-software-development-part-1},
}

@misc{9nEIxoFYfksIIwGB,
  journal = {Analog Devices - Wiki},
  title = {CN0254 Evaluation Board Guide},
  year = {2021},
  medium = {online},
  accessed = {2025-04-29},
  URL = {https://wiki.analog.com/resources/eval/user-guides/circuits-from-the-lab/CN0254},
}

@misc{sde5XPrz4Ejc1Hax,
  journal = {Texas Instruments},
  title = {Understanding the bootflow and bootloaders},
  year = {2025},
  medium = {online},
  accessed = {2025-05-06},
  URL = {https://software-dl.ti.com/mcu-plus-sdk/esd/AM243X/latest/exports/docs/api_guide_am243x/BOOTFLOW_GUIDE.html},
}

@unpublished{fcLWZx8KgBoQyWDm,
  title = {AM64x /AM243x Processors Silicon Revision 2.0 Texas Instruments Families of Products},
  subtitle = {Technical Reference Manual},
  year = {OCTOBER 2023},
}

  @misc{xncDia3v5VnFFl3k,
    journal = {ModemHelp.net},
    title = {What does 8-N-1 mean?},
    year = {1999},
    medium = {online},
    accessed = {2025-05-09},
    URL = {https://www.modemhelp.net/faqs/8n1.shtml},
  }

@misc{1sBbZOKXLScuI4se,
  journal = {Open Standards},
  title = {P1478R8: Byte-wise atomic memcpy},
  medium = {online},
  accessed = {2025-05-10},
  URL = {https://www.open-std.org/JTC1/SC22/WG21/docs/papers/2022/p1478r8.html},
}

@unpublished{SrbbUYlzgn7p7sQd,
  title = {Arm®  v7-M Architecture},
  subtitle = {Reference Manual},
  year = {2021},
  URL = {https://developer.arm.com/documentation/ddi0403/latest/},
}

@unpublished{epj6gRPBBzv8PadX,
  title = {ARM®  Architecture ARMv7-A and ARMv7-R edition},
  subtitle = {Reference Manual},
  year = {2018},
  URL = {https://developer.arm.com/documentation/ddi0406/latest},
}

@misc{bX9db1UMLfKoFyfd,
  journal = {Texas Instruments},
  title = {FIREWALL | AM243x MCU+ SDK  11.00.00},
  year = {2024},
  medium = {online},
  accessed = {2025-05-15},
  URL = {https://software-dl.ti.com/mcu-plus-sdk/esd/AM243X/latest/exports/docs/api_guide_am243x/DRIVERS_FIREWALL_PAGE.html},
}

@unpublished{UHVnMJCNhmh92Bmj,
  title = {AM64x, AM243x Functional Safety Manual},
  subtitle = {Functional Safety Information},
  year = {2024},
  edition = {March 2024},
  medium = {online},
}


@article{r3G8WxKwroaiUzIo,
  author = {Xiangwan  and Pooja Purohit and M. Mueed Jamal},
  journal = {Department of Materials Science and Engineering, The University Of Sheffield},
  title = {Case Study Eschede Train Disaster-1998},
  year = {March 19, 2011},
  pages = {2-11},
}

@misc{DP4D1HY2HX5kCBWv,
  journal = {Uic},
  title = {Tagging for Track Components and Artificial Vision Inventory Systems},
  year = {6 December 2023},
  medium = {online},
  accessed = {2025-05-19},
  URL = {https://uic.org/projects-99/article/tagging-for-track-components-and-artificial-vision-inventory-systems},
}

@misc{8RLlJwln4N1wsmDk,
  journal = {Texas Instruments},
  title = {SYSCONFIG},
  year = {2025},
  medium = {online},
  accessed = {2025-05-21},
  URL = {https://www.ti.com/tool/SYSCONFIG},
}

@misc{qxZSbkpkSN1h0Vcg,
  title = {XDS110 Debug Probe},
  year = {September 19 2024},
  medium = {online},
  accessed = {2025-05-21},
  URL = {https://software-dl.ti.com/ccs/esd/documents/xdsdebugprobes/emu_xds110.html},
}

@misc{Dhaker2018,
  author = {Piyu Dhaker},
  journal = {Analog Devices},
  title = {Introduction to SPI Interface},
  year = {2018},
  medium = {online},
  accessed = {2025-05-21},
  URL = {https://www.analog.com/en/resources/analog-dialogue/articles/introduction-to-spi-interface.html},
}

@misc{OPN7bnVxtFrSggUB,
  journal = {ARM Cortex-R Series (Armv7-R) Programmer's Guide},
  title = {Tightly Coupled Memory},
  medium = {online},
  accessed = {2025-05-22},
  URL = {https://developer.arm.com/documentation/den0042/a/Tightly-Coupled-Memory},
}


@misc{HUJJyRXZnMIY5quS,
  journal = {Wikipedia: the free encyclopedia},
  title = {Unit testing},
  publisher = {Wikimedia Foundation},
  address = {San Francisco (CA)},
  year = {2001-},
  medium = {online},
  accessed = {2025-05-23},
  URL = {https://cs.wikipedia.org/wiki/Unit_testing},
}


@misc{qecwtTWr9igUbYQF,
  title = {ARMOptimizing C/C++ Compiler  v18.1.0.LTS},
  subtitle = {User's Guide},
  year = {January 2018},
  medium = {online},
  accessed = {2025-05-23},
  URL = {https://www.ti.com/lit/ug/spnu151r/spnu151r.pdf},
}

@misc{DZ8tdRiC6JEGqkLs,
  journal = {AM243x MCU+ SDK  11.00.00 Documentation},
  title = {SA2UL},
  medium = {online},
  accessed = {2025-05-23},
  URL = {https://software-dl.ti.com/mcu-plus-sdk/esd/AM243X/latest/exports/docs/api_guide_am243x/SECURITY_SA2UL_MODULE_PAGE.html},
}


@misc{cYcPO0Z0JHlvoQkv,
  journal = {Texas Instruments},
  title = {ICSS DUAL EMAC FIRMWARE DESIGN GUIDE},
  year = {January 14, 2020},
  medium = {online},
  accessed = {2025-05-23},
  URL = {https://git.ti.com/cgit/processor-sdk/pdk/plain/packages/ti/drv/icss_emac/firmware/icss_dualemac/docs/ICSS_DUAL_EMAC_Firmware_Design_Guide.pdf},
}

